% 1 introduction
% 1 wildifre management in Canada
@article{tymstra2020wildfire,
  title={Wildfire management in {Canada}: Review, challenges and opportunities},
  author={Tymstra, Cordy and others},
  journal={Progress in Disaster Science},
  volume={5},
  pages={100045},
  year={2020},
  publisher={Elsevier}
}
% 2 lowcost UAV system
@article{barrado2010wildfire,
  title={Wildfire monitoring using a mixed air-ground mobile network},
  author={Barrado, Cristina and Messeguer, Roc and L{\'o}pez, Juan and others},
  journal={IEEE Pervasive Computing},
  volume={9},
  number={4},
  pages={24--32},
  year={2010},
  publisher={IEEE}
}
% 3 detect through smoke, SVM
@inproceedings{habiboglu2011real,
  title={Real-time wildfire detection using correlation descriptors},
  author={Habiboglu, Y Hakan and others},
  booktitle={IEEE 19th European Signal Processing Conference (EUSIPCO)},
  address={Barcelona, Spain},
  year={2011}
}
% 4 detect wildfire smoke, temporo-spatial features
@article{ko2012wildfire,
  title={Wildfire smoke detection using temporospatial features and random forest classifiers},
  author={Ko, Byoung Chul and others},
  journal={Optical Engineering},
  volume={51},
  number={1},
  pages={017208},
  year={2012},
  publisher={International Society for Optics and Photonics}
}
% 5 detect wildfire smoke, features
@article{labati2013wildfire,
  title={Wildfire smoke detection using computational intelligence techniques enhanced with synthetic smoke plume generation},
  author={Labati, Ruggero Donida and others},
  journal={IEEE Transactions on Systems, Man, and Cybernetics: Systems},
  volume={43},
  number={4},
  pages={1003--1012},
  year={2013},
  publisher={IEEE}
}
% 6 detect wildifre smoke, GAN, non-labeled data?
@inproceedings{aslan2019early,
  title={Early wildfire smoke detection based on motion-based geometric image transformation and deep convolutional generative adversarial networks},
  author={Aslan, S{\"u}leyman and others},
  booktitle={IEEE International Conference on Acoustics, Speech and Signal Processing (ICASSP)},
  address = {Brighton, UK},
  year={2019},
  organization={IEEE}
}

% 7 smoke detection challenges
@article{changchun2021research,
  title={Research on forest fire smoke detection technology based on video region dynamic features},
  author={Changchun, Liu and others},
  journal={Journal of Beijing Forestry University},
  volume={43},
  number={1},
  pages={10--19},
  year={2021},
  publisher={Beijing Forestry University}
}
% 8 NN wildfire prediction
@article{liang2019neural,
  title={A neural network model for wildfire scale prediction using meteorological factors},
  author={Liang, Hao and others},
  journal={IEEE Access},
  volume={7},
  pages={176746--176755},
  year={2019},
  publisher={IEEE}
}
% 9 LSTM wildfire dynamics
@article{burge2020convolutional,
  title={Convolutional {LSTM} Neural Networks for Modeling Wildland Fire Dynamics},
  author={Burge, John and others},
  journal={arXiv preprint arXiv:2012.06679},
  year={2020}
}
% 2.1
% 10 resnet
@inproceedings{he2016deep,
  title={Deep residual learning for image recognition},
  author={He, Kaiming and others},
  booktitle={IEEE Conference on Computer Vision and Pattern Recognition (CVPR)},
  address = {Las Vegas, USA},
  year={2016}
}
% 11 densenet
@inproceedings{huang2017densely,
  title={Densely connected convolutional networks},
  author={Huang, Gao and others},
  booktitle={IEEE Conference on Computer Vision and Pattern Recognition (CVPR)},
  address = {Honolulu, USA},
  year={2017}
}
% 12 densenet+GAN detection
@article{park2020wildfire,
  title={Wildfire-Detection Method Using {DenseNet} and {CycleGAN} Data Augmentation-Based Remote Camera Imagery},
  author={Park, Minsoo and others},
  journal={Remote Sensing},
  volume={12},
  number={22},
  pages={3715},
  year={2020},
  publisher={Multidisciplinary Digital Publishing Institute}
}
% 13 densenet smoke detection
@article{li2019detection,
  title={Detection of wildfire smoke images based on a densely dilated convolutional network},
  author={Li, Tingting and others},
  journal={Electronics},
  volume={8},
  number={10},
  pages={1131},
  year={2019},
  publisher={Multidisciplinary Digital Publishing Institute}
}
% 14 U-net industrial smoke plume
@article{mommert2020characterization,
  title={Characterization of Industrial Smoke Plumes from Remote Sensing Data},
  author={Mommert, Michael and others},
  journal={arXiv preprint arXiv:2011.11344},
  year={2020}
}
% 15 Faster R-CNN
@article{lee2019deep,
  title={Deep Learning and Color Histogram Based Fire and Smoke Detection Research},
  author={Lee, Y and Shim, J},
  journal={International Journal of Advanced Smart Convergence},
  volume={8},
  number={2},
  pages={116--125},
  year={2019},
  publisher={The Institute of Internet, Broadcasting and Communication}
}

% 16 light LSTM wildfire real time
@article{jeong2020light,
  title={Light-Weight Student {LSTM} for Real-Time Wildfire Smoke Detection},
  author={Jeong, Mira and others},
  journal={Sensors},
  volume={20},
  number={19},
  pages={5508},
  year={2020},
  publisher={Multidisciplinary Digital Publishing Institute}
}
% 17 squeezenet and dwconv
@article{peng2019real,
  title={Real-time forest smoke detection using hand-designed features and deep learning},
  author={Peng, Yingshu and Wang, Yi},
  journal={Computers and Electronics in Agriculture},
  volume={167},
  pages={105029},
  year={2019},
  publisher={Elsevier}
}
% 18 attention gate in skip connection
@inproceedings{oktay2018attention,
  title={Attention u-net: Learning where to look for the pancreas},
  author={Oktay, Ozan and others},
  booktitle = {Medical Imaging with Deep Learning (MIDL)},
  address = {Amsterdam, Netherlands},
  year={2018}
}
% 19 light unet based on squeeze and attention
@article{zhang2021att,
  title={ATT Squeeze {U-Net}: {A} Lightweight Network for Forest Fire Detection and Recognition},
  author={Zhang, Jianmei and others},
  journal={IEEE Access},
  volume={9},
  pages={10858--10870},
  year={2021},
  publisher={IEEE}
}
% 20 transformer
@inproceedings{vaswani2017attention,
  title={Attention is All You Need},
  author={Vaswani, Ashish and others},
  booktitle={Advances in Neural Information Processing Systems},
  pages={5998--6008},
  year={2017}
}
% 21 attention popular for high-level
@inproceedings{zhang2018image,
  title={Image super-resolution using very deep residual channel attention networks},
  author={Zhang, Yulun and Li, Kunpeng and Li, Kai and Wang, Lichen and Zhong, Bineng and Fu, Yun},
  booktitle={European conference on computer vision (ECCV)},
  address={Munich, Germany},
  year={2018}
}
% section 2.2
% 22 physical model CFD
@article{mueller2014large,
  title={Large eddy simulation of forest canopy flow for wildland fire modeling},
  author={Mueller, Eric and others},
  journal={Canadian Journal of Forest Research},
  volume={44},
  number={12},
  pages={1534--1544},
  year={2014},
  publisher={NRC Research Press}
}
% 23 prediction models illustration, CA
@article{alexandridis2008cellular,
  title={A cellular automata model for forest fire spread prediction: The case of the wildfire that swept through Spetses Island in 1990},
  author={Alexandridis, Alex and others},
  journal={Applied Mathematics and Computation},
  volume={204},
  number={1},
  pages={191--201},
  year={2008},
  publisher={Elsevier}
}
% 24 farsite model
@article{finney1999farsite,
  title={{FARSITE}â€”a program for fire growth simulation},
  author={Finney, Mark A and Andrews, Patricia L},
  journal={Fire management notes},
  volume={59},
  number={2},
  pages={13--15},
  year={1999}
}
% 25 continuous plane
@article{richards1995general,
  title={A general mathematical framework for modeling two-dimensional wildland fire spread},
  author={Richards, Gwynfor D},
  journal={International Journal of Wildland Fire},
  volume={5},
  number={2},
  pages={63--72},
  year={1995},
  publisher={CSIRO Publishing}
}
% 26 illustrate, prediction models based on grid
@article{pastor2003mathematical,
  title={Mathematical models and calculation systems for the study of wildland fire behaviour},
  author={Pastor, Elsa and others},
  journal={Progress in Energy and Combustion Science},
  volume={29},
  number={2},
  pages={139--153},
  year={2003},
  publisher={Elsevier}
}
% 27 cellular wildfire model
@inproceedings{trunfio2004predicting,
  title={Predicting wildfire spreading through a hexagonal cellular automata model},
  author={Trunfio, Giuseppe A},
  booktitle={Springer International Conference on Cellular Automata for Research and Industry (ACRI)},
  address = {Amsterdam, Netherlands},
  year={2004}
}
% 28 prediction, fuzzy, neurals I
@article{vakalis2004gis1,
  title={A {GIS} based operational system for wildland fire crisis management I. Mathematical modelling and simulation},
  author={Vakalis, D and others},
  journal={Applied Mathematical Modelling},
  volume={28},
  number={4},
  pages={389--410},
  year={2004},
  publisher={Elsevier}
}
% 29 prediction, fuzzy, neural II
@article{vakalis2004gis2,
  title={A {GIS} based operational system for wildland fire crisis management II. System architecture and case studies},
  author={Vakalis,D and Sarimveis, H},
  journal={Applied Mathematical Modelling},
  volume={28},
  number={4},
  pages={411--425},
  year={2004},
  publisher={Elsevier}
}
%  30 learning-based spreading prediction
@article{zhai2020learning,
  title={Learning-based prediction of wildfire spread with real-time rate of spread measurement},
  author={Zhai, Chunjie and others},
  journal={Combustion and Flame},
  volume={215},
  pages={333--341},
  year={2020},
  publisher={Elsevier}
}
% 31 DNN spreading model 
@inproceedings{radke2019firecast,
  title={{FireCast}: Leveraging Deep Learning to Predict Wildfire Spread.},
  author={Radke, David and others},
  booktitle={International Joint Conference on Artificial Intelligence (IJCAI)},
  address={Macao, China},
  year={2019}
}
% 32 LSTM spreading
@article{huot2020deep,
  title={Deep Learning Models for Predicting Wildfires from Historical Remote-Sensing Data},
  author={Huot, Fantine and others},
  journal={arXiv preprint arXiv:2010.07445},
  year={2020}
}
% 33 applying probabilistic
@article{pimont2021prediction,
  title={Prediction of regional wildfire activity in the probabilistic Bayesian framework of Firelihood},
  author={Pimont, Fran{\c{c}}ois and others},
  journal={Ecological Applications},
  pages={e02316},
  year={2021},
  publisher={Wiley Online Library}
}
% 34 applying self-attention
@inproceedings{vaswani2021scaling,
  title={Scaling local self-attention for parameter efficient visual backbones},
  author={Vaswani, Ashish and others},
  booktitle={Proceedings of the IEEE/CVF Conference on Computer Vision and Pattern Recognition (CVPR)},
  address = {Virtual},
  year={2021}
}
% section 2.3
% 35 tracking survey wu yi
@inproceedings{wu2013online,
  title={Online object tracking: A benchmark},
  author={Wu, Yi and others},
  booktitle={Proceedings of the IEEE Conference on Computer Vision and Pattern Recognition (CVPR)},
  address={Portland, US},
  year={2013}
}
% 36 DNN VOT tracking survey
@inproceedings{krebs2017survey,
  title={A survey on leveraging deep neural networks for object tracking},
  author={Krebs, Sebastian and others},
  booktitle={IEEE 20th international conference on intelligent transportation systems (ITSC)},
  address = {Yokohama, Japan},
  year={2017}
}
% squeezenet
@article{peng2019real1,
  title={Real-time forest smoke detection using hand-designed features and deep learning},
  author={Peng, Yingshu and Wang, Yi},
  journal={Computers and Electronics in Agriculture},
  volume={167},
  pages={105029},
  year={2019},
  publisher={Elsevier}
}

